@article{yang2024impact,
  title={The impact of Bayesian optimization on feature selection},
  author={Yang, Kaixin and Liu, Long and Wen, Yalu},
  journal={Scientific Reports},
  volume={14},
  number={1},
  pages={3948},
  year={2024},
  publisher={Nature Publishing Group UK London}
}